<record><leader>00000cas a22000007a 4500</leader><controlfield tag="001">2263753</controlfield><controlfield tag="008">760620d18401840pauwr ne      0    0eng d</controlfield><datafield ind1=" " ind2=" " tag="010"><subfield code="a">sn 85054673 </subfield></datafield><datafield ind1=" " ind2=" " tag="040"><subfield code="a">PIT</subfield><subfield code="b">eng</subfield><subfield code="c">PIT</subfield><subfield code="d">NPH</subfield><subfield code="d">NPT</subfield><subfield code="d">NPA</subfield><subfield code="d">DLC</subfield><subfield code="d">NPX</subfield><subfield code="d">CNK</subfield><subfield code="d">OCLCG</subfield><subfield code="d">OCLCF</subfield><subfield code="d">OCLCO</subfield></datafield><datafield ind1="1" ind2=" " tag="029"><subfield code="a">AU@</subfield><subfield code="b">000025800152</subfield></datafield><datafield ind1=" " ind2=" " tag="042"><subfield code="a">msc</subfield></datafield><datafield ind1="0" ind2="0" tag="050"><subfield code="a">Newspaper 9375-X</subfield></datafield><datafield ind1="0" ind2=" " tag="130"><subfield code="a">Magician (Harrisburg, Pa. : 1840)</subfield></datafield><datafield ind1="0" ind2="4" tag="245"><subfield code="a">The magician.</subfield></datafield><datafield ind1="0" ind2="0" tag="246"><subfield code="a">Magician -- extra</subfield></datafield><datafield ind1=" " ind2=" " tag="260"><subfield code="a">Harrisburg, Pa. :</subfield><subfield code="b">Hutter &amp; Cantine,</subfield><subfield code="c">1840.</subfield></datafield><datafield ind1=" " ind2=" " tag="300"><subfield code="a">v. :</subfield><subfield code="b">ill. ;</subfield><subfield code="c">52 cm.</subfield></datafield><datafield ind1=" " ind2=" " tag="310"><subfield code="a">Weekly</subfield></datafield><datafield ind1="0" ind2=" " tag="362"><subfield code="a">No. 1 (June 27, l840)-no. 19 (0ct. 26, 1840).</subfield></datafield><datafield ind1=" " ind2=" " tag="500"><subfield code="a">Campaign paper of the Democratic Party; supporting Martin Van Buren for president.</subfield></datafield><datafield ind1=" " ind2=" " tag="515"><subfield code="a">No. 19 (Oct. 26, 1840) issued as a half sheet.</subfield></datafield><datafield ind1=" " ind2=" " tag="500"><subfield code="a">Editors: Edwin W. Hutter; J.J.C. Cantine.</subfield></datafield><datafield ind1="1" ind2="0" tag="600"><subfield code="a">Van Buren, Martin,</subfield><subfield code="d">1782-1862.</subfield></datafield><datafield ind1="1" ind2="7" tag="600"><subfield code="a">Van Buren, Martin,</subfield><subfield code="d">1782-1862.</subfield><subfield code="2">fast</subfield><subfield code="0">(OCoLC)fst00054740</subfield></datafield><datafield ind1="2" ind2=" " tag="710"><subfield code="a">Republican Party (Pa. : 1792-1828)</subfield></datafield><datafield ind1=" " ind2=" " tag="752"><subfield code="a">United States</subfield><subfield code="b">Pennsylvania</subfield><subfield code="c">Dauphin</subfield><subfield code="d">Harrisburg.</subfield></datafield></record>